%% This BibTeX bibliography file was created using BibDesk.
%% http://bibdesk.sourceforge.net/


%% Created for Sergey Karayev at 2013-12-12 09:43:33 -0800



@conference{Krause-UAI-2005,
	Author = {Andreas Krause and Carlos Guestrin},
	Booktitle = {UAI},
	Date-Added = {2013-12-12 11:12:57 +0000},
	Date-Modified = {2013-12-12 11:14:06 +0000},
	Ee = {http://arxiv.org/abs/1207.1394},
	Title = {Near-optimal Nonmyopic Value of Information in Graphical Models},
	Year = {2005},
	Bdsk-File-1 = {YnBsaXN0MDDUAQIDBAUGJCVYJHZlcnNpb25YJG9iamVjdHNZJGFyY2hpdmVyVCR0b3ASAAGGoKgHCBMUFRYaIVUkbnVsbNMJCgsMDxJXTlMua2V5c1pOUy5vYmplY3RzViRjbGFzc6INDoACgAOiEBGABIAFgAdccmVsYXRpdmVQYXRoWWFsaWFzRGF0YV8QLS4uLy4uL0Rvd25sb2Fkcy9zdWJtb2R1bGFyaXR5LzEyMDcuMTM5NHYxLnBkZtIXCxgZV05TLmRhdGFPEQGqAAAAAAGqAAIAAAxNYWNpbnRvc2ggSEQAAAAAAAAAAAAAAAAAAADOHtlKSCsAAAAr50sPMTIwNy4xMzk0djEucGRmAAAAAAAAAAAAAAAAAAAAAAAAAAAAAAAAAAAAAAAAAAAAAAAAAAAAAAAAAAAAAAAAADPV787O2h0AAAAAAAAAAAACAAMAAAkgAAAAAAAAAAAAAAAAAAAADXN1Ym1vZHVsYXJpdHkAABAACAAAzh87ugAAABEACAAAzs9KnQAAAAEAEAAr50sABv1DAAb9QAACEGUAAgBGTWFjaW50b3NoIEhEOlVzZXJzOgBrYXJheWV2OgBEb3dubG9hZHM6AHN1Ym1vZHVsYXJpdHk6ADEyMDcuMTM5NHYxLnBkZgAOACAADwAxADIAMAA3AC4AMQAzADkANAB2ADEALgBwAGQAZgAPABoADABNAGEAYwBpAG4AdABvAHMAaAAgAEgARAASADVVc2Vycy9rYXJheWV2L0Rvd25sb2Fkcy9zdWJtb2R1bGFyaXR5LzEyMDcuMTM5NHYxLnBkZgAAEwABLwAAFQACAA7//wAAgAbSGxwdHlokY2xhc3NuYW1lWCRjbGFzc2VzXU5TTXV0YWJsZURhdGGjHR8gVk5TRGF0YVhOU09iamVjdNIbHCIjXE5TRGljdGlvbmFyeaIiIF8QD05TS2V5ZWRBcmNoaXZlctEmJ1Ryb290gAEACAARABoAIwAtADIANwBAAEYATQBVAGAAZwBqAGwAbgBxAHMAdQB3AIQAjgC+AMMAywJ5AnsCgAKLApQCogKmAq0CtgK7AsgCywLdAuAC5QAAAAAAAAIBAAAAAAAAACgAAAAAAAAAAAAAAAAAAALn}}

@article{Nemhauser-1978,
	Author = {George L. Nemhauser and Laurence A. Wolsey and Marshall L. Fisher.},
	Date-Added = {2013-12-11 09:00:18 +0000},
	Date-Modified = {2013-12-11 09:02:59 +0000},
	Journal = {Mathematical Programming},
	Number = {1},
	Pages = {265-294},
	Title = {An analysis of approximations for maximizing submodular set functions},
	Volume = {14},
	Year = {1978}}

@article{DBLP:journals/corr/abs-1208-6067,
	Author = {Shervin Javdani and Matthew Klingensmith and Drew Bagnell and Nancy S. Pollard and Siddhartha S. Srinivasa},
	Bibsource = {DBLP, http://dblp.uni-trier.de},
	Date-Added = {2013-12-11 07:55:44 +0000},
	Date-Modified = {2013-12-11 07:55:44 +0000},
	Ee = {http://arxiv.org/abs/1208.6067},
	Journal = {CoRR},
	Title = {Efficient Touch Based Localization through Submodularity},
	Volume = {abs/1208.6067},
	Year = {2012},
	Bdsk-File-1 = {YnBsaXN0MDDUAQIDBAUGJCVYJHZlcnNpb25YJG9iamVjdHNZJGFyY2hpdmVyVCR0b3ASAAGGoKgHCBMUFRYaIVUkbnVsbNMJCgsMDxJXTlMua2V5c1pOUy5vYmplY3RzViRjbGFzc6INDoACgAOiEBGABIAFgAdccmVsYXRpdmVQYXRoWWFsaWFzRGF0YV8QKy4uLy4uL0Rvd25sb2Fkcy9zdWJtb2R1bGFyaXR5LzEyMDguNjA2Ny5wZGbSFwsYGVdOUy5kYXRhTxEBogAAAAABogACAAAMTWFjaW50b3NoIEhEAAAAAAAAAAAAAAAAAAAAzh7ZSkgrAAAAK+dLDTEyMDguNjA2Ny5wZGYAAAAAAAAAAAAAAAAAAAAAAAAAAAAAAAAAAAAAAAAAAAAAAAAAAAAAAAAAAAAAAAAAAAAtbd/Oy8L2AAAAAAAAAAAAAgADAAAJIAAAAAAAAAAAAAAAAAAAAA1zdWJtb2R1bGFyaXR5AAAQAAgAAM4fO7oAAAARAAgAAM7MM3YAAAABABAAK+dLAAb9QwAG/UAAAhBlAAIARE1hY2ludG9zaCBIRDpVc2VyczoAa2FyYXlldjoARG93bmxvYWRzOgBzdWJtb2R1bGFyaXR5OgAxMjA4LjYwNjcucGRmAA4AHAANADEAMgAwADgALgA2ADAANgA3AC4AcABkAGYADwAaAAwATQBhAGMAaQBuAHQAbwBzAGgAIABIAEQAEgAzVXNlcnMva2FyYXlldi9Eb3dubG9hZHMvc3VibW9kdWxhcml0eS8xMjA4LjYwNjcucGRmAAATAAEvAAAVAAIADv//AACABtIbHB0eWiRjbGFzc25hbWVYJGNsYXNzZXNdTlNNdXRhYmxlRGF0YaMdHyBWTlNEYXRhWE5TT2JqZWN00hscIiNcTlNEaWN0aW9uYXJ5oiIgXxAPTlNLZXllZEFyY2hpdmVy0SYnVHJvb3SAAQAIABEAGgAjAC0AMgA3AEAARgBNAFUAYABnAGoAbABuAHEAcwB1AHcAhACOALwAwQDJAm8CcQJ2AoECigKYApwCowKsArECvgLBAtMC1gLbAAAAAAAAAgEAAAAAAAAAKAAAAAAAAAAAAAAAAAAAAt0=}}

@article{DBLP:journals/corr/abs-1106-5829,
	Author = {Geoffrey A. Hollinger and Urbashi Mitra and Gaurav S. Sukhatme},
	Bibsource = {DBLP, http://dblp.uni-trier.de},
	Date-Added = {2013-12-11 07:55:09 +0000},
	Date-Modified = {2013-12-11 07:55:09 +0000},
	Ee = {http://arxiv.org/abs/1106.5829},
	Journal = {CoRR},
	Title = {Active Classification: Theory and Application to Underwater Inspection},
	Volume = {abs/1106.5829},
	Year = {2011},
	Bdsk-File-1 = {YnBsaXN0MDDUAQIDBAUGJCVYJHZlcnNpb25YJG9iamVjdHNZJGFyY2hpdmVyVCR0b3ASAAGGoKgHCBMUFRYaIVUkbnVsbNMJCgsMDxJXTlMua2V5c1pOUy5vYmplY3RzViRjbGFzc6INDoACgAOiEBGABIAFgAdccmVsYXRpdmVQYXRoWWFsaWFzRGF0YV8QLS4uLy4uL0Rvd25sb2Fkcy9zdWJtb2R1bGFyaXR5LzExMDYuNTgyOXYxLnBkZtIXCxgZV05TLmRhdGFPEQGqAAAAAAGqAAIAAAxNYWNpbnRvc2ggSEQAAAAAAAAAAAAAAAAAAADOHtlKSCsAAAAr50sPMTEwNi41ODI5djEucGRmAAAAAAAAAAAAAAAAAAAAAAAAAAAAAAAAAAAAAAAAAAAAAAAAAAAAAAAAAAAAAAAAAC1zq87LxKoAAAAAAAAAAAACAAMAAAkgAAAAAAAAAAAAAAAAAAAADXN1Ym1vZHVsYXJpdHkAABAACAAAzh87ugAAABEACAAAzsw1KgAAAAEAEAAr50sABv1DAAb9QAACEGUAAgBGTWFjaW50b3NoIEhEOlVzZXJzOgBrYXJheWV2OgBEb3dubG9hZHM6AHN1Ym1vZHVsYXJpdHk6ADExMDYuNTgyOXYxLnBkZgAOACAADwAxADEAMAA2AC4ANQA4ADIAOQB2ADEALgBwAGQAZgAPABoADABNAGEAYwBpAG4AdABvAHMAaAAgAEgARAASADVVc2Vycy9rYXJheWV2L0Rvd25sb2Fkcy9zdWJtb2R1bGFyaXR5LzExMDYuNTgyOXYxLnBkZgAAEwABLwAAFQACAA7//wAAgAbSGxwdHlokY2xhc3NuYW1lWCRjbGFzc2VzXU5TTXV0YWJsZURhdGGjHR8gVk5TRGF0YVhOU09iamVjdNIbHCIjXE5TRGljdGlvbmFyeaIiIF8QD05TS2V5ZWRBcmNoaXZlctEmJ1Ryb290gAEACAARABoAIwAtADIANwBAAEYATQBVAGAAZwBqAGwAbgBxAHMAdQB3AIQAjgC+AMMAywJ5AnsCgAKLApQCogKmAq0CtgK7AsgCywLdAuAC5QAAAAAAAAIBAAAAAAAAACgAAAAAAAAAAAAAAAAAAALn}}

@article{DBLP:journals/corr/abs-1010-3091,
	Author = {Daniel Golovin and Andreas Krause and Debajyoti Ray},
	Bibsource = {DBLP, http://dblp.uni-trier.de},
	Date-Added = {2013-12-11 07:54:23 +0000},
	Date-Modified = {2013-12-11 07:54:23 +0000},
	Ee = {http://arxiv.org/abs/1010.3091},
	Journal = {CoRR},
	Title = {Near-Optimal Bayesian Active Learning with Noisy Observations},
	Volume = {abs/1010.3091},
	Year = {2010},
	Bdsk-File-1 = {YnBsaXN0MDDUAQIDBAUGJCVYJHZlcnNpb25YJG9iamVjdHNZJGFyY2hpdmVyVCR0b3ASAAGGoKgHCBMUFRYaIVUkbnVsbNMJCgsMDxJXTlMua2V5c1pOUy5vYmplY3RzViRjbGFzc6INDoACgAOiEBGABIAFgAdccmVsYXRpdmVQYXRoWWFsaWFzRGF0YV8QKy4uLy4uL0Rvd25sb2Fkcy9zdWJtb2R1bGFyaXR5LzEwMTAuMzA5MS5wZGbSFwsYGVdOUy5kYXRhTxEBogAAAAABogACAAAMTWFjaW50b3NoIEhEAAAAAAAAAAAAAAAAAAAAzh7ZSkgrAAAAK+dLDTEwMTAuMzA5MS5wZGYAAAAAAAAAAAAAAAAAAAAAAAAAAAAAAAAAAAAAAAAAAAAAAAAAAAAAAAAAAAAAAAAAAAAufePOzCznAAAAAAAAAAAAAgADAAAJIAAAAAAAAAAAAAAAAAAAAA1zdWJtb2R1bGFyaXR5AAAQAAgAAM4fO7oAAAARAAgAAM7MnWcAAAABABAAK+dLAAb9QwAG/UAAAhBlAAIARE1hY2ludG9zaCBIRDpVc2VyczoAa2FyYXlldjoARG93bmxvYWRzOgBzdWJtb2R1bGFyaXR5OgAxMDEwLjMwOTEucGRmAA4AHAANADEAMAAxADAALgAzADAAOQAxAC4AcABkAGYADwAaAAwATQBhAGMAaQBuAHQAbwBzAGgAIABIAEQAEgAzVXNlcnMva2FyYXlldi9Eb3dubG9hZHMvc3VibW9kdWxhcml0eS8xMDEwLjMwOTEucGRmAAATAAEvAAAVAAIADv//AACABtIbHB0eWiRjbGFzc25hbWVYJGNsYXNzZXNdTlNNdXRhYmxlRGF0YaMdHyBWTlNEYXRhWE5TT2JqZWN00hscIiNcTlNEaWN0aW9uYXJ5oiIgXxAPTlNLZXllZEFyY2hpdmVy0SYnVHJvb3SAAQAIABEAGgAjAC0AMgA3AEAARgBNAFUAYABnAGoAbABuAHEAcwB1AHcAhACOALwAwQDJAm8CcQJ2AoECigKYApwCowKsArECvgLBAtMC1gLbAAAAAAAAAgEAAAAAAAAAKAAAAAAAAAAAAAAAAAAAAt0=}}

@article{Golovin-and-Krause-2010-JAIR,
	Author = {Daniel Golovin and Andreas Krause},
	Date-Added = {2013-12-11 07:48:37 +0000},
	Date-Modified = {2013-12-11 08:33:28 +0000},
	Ee = {http://arxiv.org/abs/1003.3967},
	Journal = {Journal of Artificial Intelligence Research},
	Title = {Adaptive Submodularity: A New Approach to Active Learning and Stochastic Optimization},
	Year = {2011},
	Bdsk-File-1 = {YnBsaXN0MDDUAQIDBAUGJCVYJHZlcnNpb25YJG9iamVjdHNZJGFyY2hpdmVyVCR0b3ASAAGGoKgHCBMUFRYaIVUkbnVsbNMJCgsMDxJXTlMua2V5c1pOUy5vYmplY3RzViRjbGFzc6INDoACgAOiEBGABIAFgAdccmVsYXRpdmVQYXRoWWFsaWFzRGF0YV8QLS4uLy4uL0Rvd25sb2Fkcy9zdWJtb2R1bGFyaXR5LzEwMDMuMzk2N3Y0LnBkZtIXCxgZV05TLmRhdGFPEQGqAAAAAAGqAAIAAAxNYWNpbnRvc2ggSEQAAAAAAAAAAAAAAAAAAADOHtlKSCsAAAAr50sPMTAwMy4zOTY3djQucGRmAAAAAAAAAAAAAAAAAAAAAAAAAAAAAAAAAAAAAAAAAAAAAAAAAAAAAAAAAAAAAAAAADEAJ87NVzsAAAAAAAAAAAACAAMAAAkgAAAAAAAAAAAAAAAAAAAADXN1Ym1vZHVsYXJpdHkAABAACAAAzh87ugAAABEACAAAzs3HuwAAAAEAEAAr50sABv1DAAb9QAACEGUAAgBGTWFjaW50b3NoIEhEOlVzZXJzOgBrYXJheWV2OgBEb3dubG9hZHM6AHN1Ym1vZHVsYXJpdHk6ADEwMDMuMzk2N3Y0LnBkZgAOACAADwAxADAAMAAzAC4AMwA5ADYANwB2ADQALgBwAGQAZgAPABoADABNAGEAYwBpAG4AdABvAHMAaAAgAEgARAASADVVc2Vycy9rYXJheWV2L0Rvd25sb2Fkcy9zdWJtb2R1bGFyaXR5LzEwMDMuMzk2N3Y0LnBkZgAAEwABLwAAFQACAA7//wAAgAbSGxwdHlokY2xhc3NuYW1lWCRjbGFzc2VzXU5TTXV0YWJsZURhdGGjHR8gVk5TRGF0YVhOU09iamVjdNIbHCIjXE5TRGljdGlvbmFyeaIiIF8QD05TS2V5ZWRBcmNoaXZlctEmJ1Ryb290gAEACAARABoAIwAtADIANwBAAEYATQBVAGAAZwBqAGwAbgBxAHMAdQB3AIQAjgC+AMMAywJ5AnsCgAKLApQCogKmAq0CtgK7AsgCywLdAuAC5QAAAAAAAAIBAAAAAAAAACgAAAAAAAAAAAAAAAAAAALn}}
