@article{Hegde-Neuro-2008,
    Author = {Jay Hegde},
    Date-Added = {2013-10-27 21:20:30 +0000},
    Date-Modified = {2013-10-27 21:21:17 +0000},
    Journal = {Progress in Neurobiology},
    Title = {Time course of visual perception: Coarse-to-fine processing and beyond},
    Year = {2008}
}

@inproceedings{DulacArnold-ICLR-2014,
    Author = {Gabriel Dulac-Arnold and Ludovic Denoyer and Nicolas Thome and Matthieu Cord and Patrick Gallinari},
    Title = {Sequentially Generated Instance-Dependent Image Representations for Classification},
    Year = {2014},
    Booktitle = {ICLR}
}

@inproceedings{Weiss-ICCV-2013,
  title={Dynamic structured model selection},
  author={Weiss, David and Sapp, Benjamin and Taskar, Ben},
  year={2013},
  organization={ICCV}
}

