/Users/sergeyk/Dropbox/Documents/Mendeley/library.bib